<?xml version="1.0" encoding="UTF-8" ?>
<collection xmlns:xsi="http://www.w3.org/2001/XMLSchema-instance" xsi:schemaLocation="http://www.loc.gov/MARC21/slim http://www.loc.gov/standards/marcxml/schema/MARC21slim.xsd" xmlns="http://www.loc.gov/MARC21/slim">
   <record>
      <leader>     cam a22      a 4500</leader>
      <controlfield tag="001">1944669</controlfield>
      <controlfield tag="003">COO</controlfield>
      <controlfield tag="005">20130330172850.0</controlfield>
      <controlfield tag="008">910827s1950    ua            000 0 ara d</controlfield>
      <datafield tag="035" ind1=" " ind2=" ">
         <subfield code="a">(NIC)notisAKA9908</subfield>
      </datafield>
      <datafield tag="035" ind1=" " ind2=" ">
         <subfield code="a">(OCoLC)64027275</subfield>
      </datafield>
      <datafield tag="035" ind1=" " ind2=" ">
         <subfield code="a">1944669</subfield>
      </datafield>
      <datafield tag="040" ind1=" " ind2=" ">
         <subfield code="a">NIC</subfield>
         <subfield code="c">NIC</subfield>
      </datafield>
      <datafield tag="100" ind1="1" ind2=" ">
         <subfield code="a">ʻAbd al-Ḥamīd, Muḥammad Muḥyī al-Dīn.</subfield>
      </datafield>
      <datafield tag="245" ind1="1" ind2="3">
         <subfield code="a">al-Tuḥfah al-sanīyah bi-sharḥ al-muqaddamah al-Ājjurrūmīyah /</subfield>
         <subfield code="c">taʼlīf Muḥammad Muḥyī al-Dīn ʻAbd al-Ḥamīd.</subfield>
      </datafield>
      <datafield tag="250" ind1=" " ind2=" ">
         <subfield code="a">al-Ṭabʻah 7.</subfield>
      </datafield>
      <datafield tag="260" ind1=" " ind2=" ">
         <subfield code="a">al-Qāhirah :</subfield>
         <subfield code="b">Yuṭlab min al-Maktabah al-Tijārīyah al-Kubrá,</subfield>
         <subfield code="c">1950</subfield>
         <subfield code="e">([Cairo] :</subfield>
         <subfield code="f">Maṭbaʻat al-Saʻādah)</subfield>
      </datafield>
      <datafield tag="300" ind1=" " ind2=" ">
         <subfield code="a">192 p. ;</subfield>
         <subfield code="c">19 cm.</subfield>
      </datafield>
      <datafield tag="600" ind1="1" ind2="0">
         <subfield code="a">Ibn Ājurrūm, Muḥammad ibn Muḥammad,</subfield>
         <subfield code="d">1273 or 1274-1323.</subfield>
         <subfield code="t">Ājurrūmīyah.</subfield>
      </datafield>
      <datafield tag="650" ind1=" " ind2="0">
         <subfield code="a">Arabic language</subfield>
         <subfield code="x">Grammar</subfield>
         <subfield code="x">Early works to 1800.</subfield>
      </datafield>
      <datafield tag="700" ind1="1" ind2=" ">
         <subfield code="a">Ibn Ājurrūm, Muḥammad ibn Muḥammad,</subfield>
         <subfield code="d">1273 or 1274-1323.</subfield>
         <subfield code="t">Ājurrūmīyah.</subfield>
      </datafield>
      <datafield tag="905" ind1=" " ind2=" ">
         <subfield code="a">19940112120000.0</subfield>
      </datafield>
      <datafield tag="948" ind1="2" ind2=" ">
         <subfield code="a">20100408</subfield>
         <subfield code="b">m</subfield>
         <subfield code="d">batch</subfield>
         <subfield code="e">lts</subfield>
         <subfield code="x">del9XXtxt</subfield>
      </datafield>
      <datafield tag="995" ind1=" " ind2=" ">
         <subfield code="a">Hivolm</subfield>
         <subfield code="d">20100408</subfield>
      </datafield>
      <datafield tag="903" ind1=" " ind2=" ">
         <subfield code="a">NYUACO</subfield>
         <subfield code="d">20131119</subfield>
         <subfield code="p">31924068905946</subfield>
      </datafield>
      <datafield tag="950" ind1=" " ind2=" ">
         <subfield code="a">PJ6111</subfield>
         <subfield code="b">.A13 1950</subfield>
         <subfield code="v"> </subfield>
      </datafield>
   </record>
</collection>
